@INPROCEEDINGS{reducing,
    title = {Reducing Inductive-Inductive Types to Indexed Inductive Types},
    author = {Thorsten Altenkirch and Ambrus Kaposi and Andr{\'a}s Kov{\'a}cs and Jakob von Raumer},
    year = {2018},
    booktitle = {24th International Conference on Types for Proofs and Programs, TYPES 2018},
    editor = {Esp{\'i}rito Santo, Jos{\'e} and Pinto, Lu{\'i}s},
    publisher = {University of Minho},
    comment = {Abstract}
}
@INPROCEEDINGS{specifying,
    title = {Constructing inductive-inductive types using a domain-specific type theory},
    author = {Thorsten Altenkirch and Péter Divi{\'a}nszky and Ambrus Kaposi and Andr{\'a}s Kov{\'a}cs},
    year = {2018},
    booktitle = {24th International Conference on Types for Proofs and Programs, TYPES 2018},
    editor = {Esp{\'i}rito Santo, Jos{\'e} and Pinto, Lu{\'i}s},
    publisher = {University of Minho},
    comment = {Abstract}
}
@INPROCEEDINGS{andras,
    title = {Closure Conversion for Dependent Type Theory, With Type-Passing Polymorphism},
    author = {Andr{\'a}s Kov{\'a}cs},
    year = {2018},
    booktitle = {24th International Conference on Types for Proofs and Programs, TYPES 2018},
    editor = {Esp{\'i}rito Santo, Jos{\'e} and Pinto, Lu{\'i}s},
    publisher = {University of Minho},
    comment = {Abstract}
}
@INPROCEEDINGS{lambdaf,
    title = {Derivation of elimination principles from a context},
    author = {Ambrus Kaposi and Andr{\'a}s Kov{\'a}cs and P{\'e}ter Divi{\'a}nszky and Bal{\'a}zs K{\H o}m{\H u}ves},
    year = {2017},
    booktitle = {23rd International Conference on Types for Proofs and Programs, TYPES 2017},
    editor = {Ambrus Kaposi},
    publisher = {Eötvös Lor{\'a}nd University},
    comment = {Abstract}
}
@INPROCEEDINGS{nbeLarge,
    title = {Normalisation by Evaluation for a Type Theory with Large Elimination},
    author = {Thorsten Altenkirch and Ambrus Kaposi and Andr{\'a}s Kov{\'a}cs},
    year = {2017},
    booktitle = {23rd International Conference on Types for Proofs and Programs, TYPES 2017},
    editor = {Ambrus Kaposi},
    publisher = {Eötvös Lor{\'a}nd University},
    comment = {Abstract}
}
@INPROCEEDINGS{nbe,
    title = {Normalisation by Evaluation for Dependent Types},
    author = {Thorsten Altenkirch and Ambrus Kaposi},
    year = {2016},
    booktitle = {22nd International Conference on Types for Proofs and Programs, TYPES 2016},
    editor = {Ghilezan, Silvia and Iveti{\'c}, Jelena},
    publisher = {University of Novi Sad},
    comment = {Abstract}
}
@InProceedings{kaposi_et_al:LIPIcs:2018:9190,
  author =	{Ambrus Kaposi and Andr{\'a}s Kov{\'a}cs},
  title =	{{A Syntax for Higher Inductive-Inductive Types}},
  booktitle =	{3rd International Conference on Formal Structures for  Computation and Deduction (FSCD 2018)},
  pages =	{20:1--20:18},
  series =	{Leibniz International Proceedings in Informatics (LIPIcs)},
  ISBN =	{978-3-95977-077-4},
  ISSN =	{1868-8969},
  year =	{2018},
  volume =	{108},
  editor =	{H{\'e}l{\`e}ne Kirchner},
  publisher =	{Schloss Dagstuhl--Leibniz-Zentrum fuer Informatik},
  address =	{Dagstuhl, Germany},
  URL =		{http://drops.dagstuhl.de/opus/volltexte/2018/9190},
  URN =		{urn:nbn:de:0030-drops-91906},
  doi =		{10.4230/LIPIcs.FSCD.2018.20},
  annote =	{Keywords: homotopy type theory, inductive-inductive types, higher inductive types, quotient inductive types, logical relations}
}
@InProceedings{altenkirch_et_al:LIPIcs:2018:8473,
  author =	{Thorsten Altenkirch and Ambrus Kaposi},
  title =	{{Towards a Cubical Type Theory without an Interval}},
  booktitle =	{21st International Conference on Types for Proofs and Programs (TYPES 2015)},
  pages =	{3:1--3:27},
  series =	{Leibniz International Proceedings in Informatics (LIPIcs)},
  ISBN =	{978-3-95977-030-9},
  ISSN =	{1868-8969},
  year =	{2018},
  volume =	{69},
  editor =	{Tarmo Uustalu},
  publisher =	{Schloss Dagstuhl--Leibniz-Zentrum fuer Informatik},
  address =	{Dagstuhl, Germany},
  URL =		{http://drops.dagstuhl.de/opus/volltexte/2018/8473},
  URN =		{urn:nbn:de:0030-drops-84739},
  doi =		{10.4230/LIPIcs.TYPES.2015.3},
  annote =	{Keywords: homotopy type theory, parametricity, univalence}
}
@article{lmcs:4005,
  TITLE = {{Normalisation by Evaluation for Type Theory, in Type Theory}},
  AUTHOR = {Altenkirch, Thorsten and Kaposi, Ambrus},
  URL = {https://lmcs.episciences.org/4005},
  DOI = {10.23638/LMCS-13(4:1)2017},
  JOURNAL = {{Logical Methods in Computer Science}},
  VOLUME = {{Volume 13, Issue 4}},
  YEAR = {2017},
  MONTH = Oct,
  KEYWORDS = {Computer Science - Logic in Computer Science ; F.4.1},
}
@InProceedings{altenkirch_et_al:LIPIcs:2016:5972,
  author =	{Thorsten Altenkirch and Ambrus Kaposi},
  title =	{{Normalisation by Evaluation for Dependent Types}},
  booktitle =	{1st International Conference on Formal Structures for Computation and Deduction (FSCD 2016)},
  pages =	{6:1--6:16},
  series =	{Leibniz International Proceedings in Informatics (LIPIcs)},
  ISBN =	{978-3-95977-010-1},
  ISSN =	{1868-8969},
  year =	{2016},
  volume =	{52},
  editor =	{Delia Kesner and Brigitte Pientka},
  publisher =	{Schloss Dagstuhl--Leibniz-Zentrum fuer Informatik},
  address =	{Dagstuhl, Germany},
  URL =		{http://drops.dagstuhl.de/opus/volltexte/2016/5972},
  URN =		{urn:nbn:de:0030-drops-59727},
  doi =		{10.4230/LIPIcs.FSCD.2016.6},
  annote =	{Keywords: normalisation by evaluation, dependent types, internal type theory, logical relations, Agda}
}
